@inproceedings{grigorev2023hood,
  title={HOOD: Hierarchical Graphs for Generalized Modelling of Clothing Dynamics},
  author={Grigorev, Artur and Black, Michael J and Hilliges, Otmar},
  booktitle={Proceedings of the IEEE/CVF Conference on Computer Vision and Pattern Recognition},
  pages={16965--16974},
  year={2023}
}